<?xml version="1.0" encoding="UTF-8"?><collection xmlns="http://www.loc.gov/MARC21/slim"><record><leader>00477nam--2200145-i-4500</leader><controlfield tag="001">000011915</controlfield><controlfield tag="002">20161230</controlfield><controlfield tag="005">20170208143735</controlfield><controlfield tag="008">060222s1000------------r-----000-0-eng-d</controlfield><datafield ind1=" " ind2=" " tag="100"><subfield code="a">Cocquerez, Jean-Pierre</subfield></datafield><datafield ind1=" " ind2=" " tag="245"><subfield code="a">Etude des oscillateurs declenches et de leur utilization en chronometrie subnanoseconde</subfield><subfield code="b">these</subfield></datafield><datafield ind1=" " ind2=" " tag="260"><subfield code="a">Paris, Orsay</subfield><subfield code="b">L Universite De Paris-sud Centre D Orsay</subfield><subfield code="c">1975</subfield></datafield><datafield ind1=" " ind2=" " tag="300"><subfield code="a">91 p</subfield></datafield><datafield ind1=" " ind2=" " tag="852"><subfield code="a">621.373.52:621.382.3(043)</subfield></datafield><datafield ind1=" " ind2=" " tag="CAT"><subfield code="a">SYS</subfield><subfield code="c">20170208</subfield><subfield code="h">143735</subfield></datafield></record></collection>